<record><leader>00000nas a2200000 i 4500</leader><controlfield tag="001">964074593</controlfield><controlfield tag="006">m     o  d        </controlfield><controlfield tag="007">cr |||||||||||</controlfield><controlfield tag="008">161123d1886188uncudn neo     0   a0eng  </controlfield><datafield ind1=" " ind2=" " tag="010"><subfield code="a">  2016271238</subfield></datafield><datafield ind1=" " ind2=" " tag="040"><subfield code="a">DLC</subfield><subfield code="b">eng</subfield><subfield code="e">rda</subfield><subfield code="c">DLC</subfield></datafield><datafield ind1="0" ind2=" " tag="022"><subfield code="a">2475-0816</subfield><subfield code="2">1</subfield></datafield><datafield ind1=" " ind2=" " tag="042"><subfield code="a">pcc</subfield><subfield code="a">nsdp</subfield></datafield><datafield ind1=" " ind2=" " tag="043"><subfield code="a">n-us-nc</subfield></datafield><datafield ind1="1" ind2="0" tag="050"><subfield code="a">ISSN RECORD</subfield></datafield><datafield ind1="1" ind2="0" tag="082"><subfield code="a">071</subfield><subfield code="2">23</subfield></datafield><datafield ind1=" " ind2="0" tag="222"><subfield code="a">Durham daily recorder</subfield><subfield code="b">(Online)</subfield></datafield><datafield ind1="0" ind2="0" tag="245"><subfield code="a">Durham daily recorder.</subfield></datafield><datafield ind1=" " ind2="1" tag="264"><subfield code="a">Durham, N. C. :</subfield><subfield code="b">E. C. Hackney</subfield></datafield><datafield ind1=" " ind2=" " tag="300"><subfield code="a">1 online resource</subfield></datafield><datafield ind1=" " ind2=" " tag="310"><subfield code="a">Daily (except Sunday)</subfield></datafield><datafield ind1=" " ind2=" " tag="336"><subfield code="a">text</subfield><subfield code="b">txt</subfield><subfield code="2">rdacontent</subfield></datafield><datafield ind1=" " ind2=" " tag="337"><subfield code="a">computer</subfield><subfield code="b">c</subfield><subfield code="2">rdamedia</subfield></datafield><datafield ind1=" " ind2=" " tag="338"><subfield code="a">online resource</subfield><subfield code="b">cr</subfield><subfield code="2">rdacarrier</subfield></datafield><datafield ind1=" " ind2=" " tag="580"><subfield code="a">Weekly ed.: Durham recorder, &lt;1886-1888&gt;.</subfield></datafield><datafield ind1=" " ind2=" " tag="588"><subfield code="a">Description based on: Vol. I, No. 36 (May 7, 1886); title from masthead (Chroniclingamerica.loc.gov, viewed November 23, 2016).</subfield></datafield><datafield ind1=" " ind2=" " tag="588"><subfield code="a">Latest issue consulted: Vol. 2, No. 185 (November 26, 1887) (Chroniclingamerica.loc.gov, viewed November 23, 2016).</subfield></datafield><datafield ind1=" " ind2="0" tag="651"><subfield code="a">Durham (N.C.)</subfield><subfield code="v">Newspapers.</subfield></datafield><datafield ind1=" " ind2="0" tag="651"><subfield code="a">Durham County (N.C.)</subfield><subfield code="v">Newspapers.</subfield></datafield><datafield ind1=" " ind2="7" tag="651"><subfield code="a">North Carolina</subfield><subfield code="z">Durham.</subfield><subfield code="2">fast</subfield><subfield code="0">(OCoLC)fst01207378</subfield></datafield><datafield ind1=" " ind2="7" tag="651"><subfield code="a">North Carolina</subfield><subfield code="z">Durham County.</subfield><subfield code="2">fast</subfield><subfield code="0">(OCoLC)fst01218049</subfield></datafield><datafield ind1=" " ind2="7" tag="655"><subfield code="a">Newspapers.</subfield><subfield code="2">fast</subfield><subfield code="0">(OCoLC)fst01423814</subfield></datafield><datafield ind1=" " ind2=" " tag="752"><subfield code="a">United States</subfield><subfield code="b">North Carolina</subfield><subfield code="c">Durham</subfield><subfield code="d">Durham.</subfield></datafield><datafield ind1="1" ind2=" " tag="775"><subfield code="t">Durham recorder</subfield></datafield><datafield ind1="0" ind2="8" tag="776"><subfield code="i">Originally issued in print:</subfield><subfield code="t">Durham daily recorder</subfield><subfield code="x">2475-0808</subfield><subfield code="w">(DLC)sn 91068345</subfield><subfield code="w">(OCoLC)24473829</subfield></datafield><datafield ind1="0" ind2="0" tag="785"><subfield code="t">Durham recorder (Durham, N.C. : 1887)</subfield></datafield><datafield ind1="4" ind2="0" tag="856"><subfield code="u">http://chroniclingamerica.loc.gov/lccn/sn91068345/issues/</subfield></datafield></record>